@book{poccia2016aws,
  title={AWS Lambda in Action: Event-driven serverless applications},
  author={Poccia, Danilo},
  year={2016},
  publisher={Manning Publications Co.}
}

@book{sbarski2017serverless,
  title={Serverless architectures on Aws: with examples using Aws Lambda},
  author={Sbarski, Peter},
  year={2017},
  publisher={Manning Publications Company}
}

@book{schmidt2013software,
  title={Software engineering: architecture-driven software development},
  author={Schmidt, Richard F},
  year={2013},
  publisher={Newnes}
}


@misc{share123,
  title = 	 {Amazon Captures 32\% of \$80 Billion Cloud Market},
  howpublished = {available at \url{https://www.statista.com/chart/7994/cloud-market-share/}},
  author={Felix Richter},
  year= 2019
}

@misc{bulk,
  title = 	 {Bulk API ElasticSearch},
  howpublished = { Official documentation \url{https://www.elastic.co/guide/en/elasticsearch/reference/current/docs-bulk.html}},
  author={ElasticSearch official documentation},
  year= 2019
}
@misc{awsNitro,
  title = 	 {AWS Nitro—What Are AWS Nitro Instances, and Why Use Them ?},
  author={Mike Mackrory},
  howpublished = {\url{https://www.metricly.com/aws-nitro/}},
  year= 2017
}

@misc{caas,
  title = 	 {What is Containers as a service (CaaS)?},
  author={IBM Services},
  howpublished = {\url{https://www.ibm.com/services/cloud/containers-as-a-service}},
  year= 2019
}


@misc{cloudformation,
  title = 	 {Was ist AWS CloudFormation?},
  author={Stefan Luber},
  howpublished = {\url{https://www.cloudcomputing-insider.de/was-ist-aws-cloudformation-a-857705/}},
  year= 2019
}

@misc{coldstart,
  title = 	 {News for AWS Lambda – Predictable start-up times with Provisioned Concurrency},
  author={James Beswick },
  howpublished = {\url{https://aws.amazon.com/blogs/compute/new-for-aws-lambda-predictable-start-up-times-with-provisioned-concurrency/
}},
  year= 2019
}
@book{gormley2015elasticsearch,
  title={Elasticsearch: the definitive guide: a distributed real-time search and analytics engine},
  author={Gormley, Clinton and Tong, Zachary},
  year={2015},
  publisher={" O'Reilly Media, Inc."}
}

@book{myers2011art,
  title={The art of software testing},
  author={Myers, Glenford J and Sandler, Corey and Badgett, Tom},
  year={2011},
  publisher={John Wiley \& Sons}
}
@INPROCEEDINGS{8605777,
  author={J. {Manner} and M. {Endreß} and T. {Heckel} and G. {Wirtz}},
  booktitle={2018 IEEE/ACM International Conference on Utility and Cloud Computing Companion (UCC Companion)},
  title={Cold Start Influencing Factors in Function as a Service},
  year={2018},
  volume={},
  number={},
  pages={181-188},
  keywords={cloud computing;virtualisation;container starts;cold start problem;Microsoft Azure Functions;virtualization problems;cloud function executions;Function as a Service;AWS Lambda;FAA;Containers;Benchmark testing;Cloud computing;Java;Pipelines;Serverless Computing, Function as a Service, FaaS, Cloud Functions, Cold Start, Benchmarking},
  doi={10.1109/UCC-Companion.2018.00054},
  ISSN={null},
  month={Dec}
}